@string{apl = {Appl. Phys. Lett.}}
@string{arpc = {Annu. Rev. Phys. Chem.}}
@string{assp = {Adv. Solid State Phys.}}
@string{cise = {Computing in Science and Eng.}}
@string{cpl = {Chem. Phys. Lett.}}
@string{epl = {Europhys. Lett.}}
@string{ijqc = {Int. J. Quant. Chem.}}
@string{jap = {J. Appl. Phys.}}
@string{jce = {J. Comput. Electron.}}
@string{jcg = {J. Cryst. Growth}}
@string{jcp = {J. Chem. Phys.}}
@string{jem = {J. Elec. Mat.}}
@string{jltp = {J. of Low Temp. Phys.}}
@string{jp = {J. Physique}}
@string{jpc = {J. Phys. Chem.}}
@string{jpcb = {J. Phys. Chem. B}}
@string{jpcm = {J. Phys.: Condens. Matter}}
@string{jsp = {J. Stat. Phys.}}
@string{mrs = {MRS Bull.}}
@string{nature = {Nature}}
@string{npa = {Nuc. Phys. A}}
@string{pe = {Physica E}}
@string{pla = {Phys. Lett. A}}
@string{plb = {Phys. Lett. B}}
@string{pnas = {Proc. Nat. Acad. Sci.}}
@string{pr = {Phys. Rev}}
@string{pra = {Phys. Rev. A}}
@string{prb = {Phys. Rev. B}}
@string{prc = {Phys. Rev. C}}
@string{prd = {Phys. Rev. D}}
@string{pre = {Phys. Rev. E}}
@string{prl = {Phys. Rev. Lett.}}
@string{pssa = {Phys. Stat. Sol. (a)}}
@string{pssb = {Phys. Stat. Sol. (b)}}
@string{rmp = {Rev. Mod. Phys.}}
@string{science = {Science}}
@string{sm = {Superlattices and Microstructures}}
@string{ssc = {Solid State Comm.}}
@string{sst = {Semicond. Sci. Technol.}}

@book{wals,
  address   = {Leipzig},
  editor    = {Matthew S. Dryer and Martin Haspelmath},
  publisher = {Max Planck Institute for Evolutionary Anthropology},
  title     = {WALS Online},
  url       = {http://wals.info/},
  year      = {2013}
}
@article{flege1995second,
  title={Second language speech learning: Theory, findings, and problems},
  author={Flege, James E},
  journal={Speech perception and linguistic experience: Issues in cross-language research},
  pages={233--277},
  year={1995}
}
@article{long1990maturational,
  title={Maturational constraints on language development},
  author={Long, Michael H},
  journal={Studies in second language acquisition},
  volume={12},
  number={03},
  pages={251--285},
  year={1990},
  publisher={Cambridge Univ Press}
}
@phdthesis{mccullough2013acoustic,
  title={Acoustic correlates of perceived foreign accent in non-native English},
  author={McCullough, Elizabeth A},
  year={2013},
  school={The Ohio State University}
}
@article{major1987english,
  title={English voiceless stop production by speakers of Brazilian Portuguese},
  author={Major, Roy C},
  journal={Journal of Phonetics},
  volume={15},
  number={2},
  pages={197--202},
  year={1987},
  publisher={ACADEMIC PRESS LTD 24-28 OVAL RD, LONDON, ENGLAND NW1 7DX}
}
@article{shah2002temporal,
  title={Temporal characteristics of Spanish-accented English: Acoustic measures and their correlation with accentedness ratings},
  author={Shah, AP},
  journal={Unpublished Dissertation, The City University of New York, New York City},
  year={2002}
}
@article{munro1993productions,
  title={Productions of English vowels by native speakers of Arabic: Acoustic measurements and accentedness ratings},
  author={Munro, Murray J},
  journal={Language and Speech},
  volume={36},
  number={1},
  pages={39--66},
  year={1993},
  publisher={SAGE Publications}
}
@article{munro2010detection,
  title={Detection of nonnative speaker status from content-masked speech},
  author={Munro, Murray J and Derwing, Tracey M and Burgess, Clifford S},
  journal={Speech communication},
  volume={52},
  number={7},
  pages={626--637},
  year={2010},
  publisher={Elsevier}
}
@article{kang2010relative,
  title={Relative salience of suprasegmental features on judgments of L2 comprehensibility and accentedness},
  author={Kang, Okim},
  journal={System},
  volume={38},
  number={2},
  pages={301--315},
  year={2010},
  publisher={Elsevier}
}
@article{rasier2007prosodic,
  title={Prosodic transfer from L1 to L2. Theoretical and methodological issues},
  author={Rasier, Laurent and Hiligsmann, Philippe},
  journal={Nouveaux cahiers de linguistique fran{\c{c}}aise},
  volume={28},
  number={2007},
  pages={41--66},
  year={2007}
}
@article{ordin2015acquisition,
  title={Acquisition of speech rhythm in a second language by learners with rhythmically different native languages},
  author={Ordin, Mikhail and Polyanskaya, Leona},
  journal={The Journal of the Acoustical Society of America},
  volume={138},
  number={2},
  pages={533--544},
  year={2015},
  publisher={ASA}
}
@inbook{moravcsik_2012, place={Cambridge}, series={Cambridge Introductions to Language and Linguistics}, title={What is language typology?}, DOI={10.1017/CBO9780511978876.003}, booktitle={Introducing Language Typology}, publisher={Cambridge University Press}, author={Moravcsik, Edith A.}, year={2012}, pages={1¨C24}, collection={Cambridge Introductions to Language and Linguistics}}

@article{bickel2001typology,
  title={What is typology?¡ªa short note},
  author={Bickel, Balthasar},
  journal={unpublished paper, University of Leipzig},
  year={2001}
}
@book{moravcsik2012introducing,
  title={Introducing language typology},
  author={Moravcsik, Edith A},
  year={2012},
  publisher={Cambridge University Press}
}
@article{lehrer1992theory,
  title={A theory of vocabulary structure: Retrospectives and prospectives},
  author={Lehrer, Adrienne},
  journal={Thirty years of linguistic evolution},
  pages={243--256},
  year={1992}
}
@article{tds_article,
author = {Monachesi, P and Dimitriadis, Alexis and Goedemans, R.W.N. and Mineur, A.C. and Pinto, Manuela},
year = {2018},
month = {05},
pages = {},
title = {The Typological Database System}
}
@article{donohue2013world,
  title={World phonotactics database. Department of Linguistics, The Australian National University},
  author={Donohue, Mark and Hetherington, Rebecca and McElvenny, James and Dawson, Virginia},
  journal={World phonotactics database. Department of Linguistics, Australian National University},
  year={2013}
}
@article{maddieson1992ucla,
  title={UCLA Phonological Segment Inventory Database, version 1.1},
  author={Maddieson, Ian},
  journal={Los Angeles: Dept. of Linguistics, UCLA},
  year={1992}
}
@article{littel2016uriel,
  title={URIEL Typological database},
  author={Littel, Patrick and Mortensen, David R and Levin, Lori},
  journal={Pittsburgh: CMU},
  year={2016}
}
@book{phoible,
  address   = {Leipzig},
  editor    = {Steven Moran and Daniel McCloy and Richard Wright},
  publisher = {Max Planck Institute for Evolutionary Anthropology},
  title     = {PHOIBLE Online},
  url       = {http://phoible.org/},
  year      = {2014}
}
@article{gil1986prosodic,
  title={A prosodic typology of language},
  author={Gil, David},
  journal={Folia Linguistica},
  volume={20},
  number={1-2},
  pages={165--232},
  year={1986},
  publisher={Walter de Gruyter, Berlin/New York}
}
@article{parmenter1933experimental,
  title={An experimental study of accent in French and English},
  author={Parmenter, Clarence E and Blanc, Agnes Victoire},
  journal={Publications of the Modern Language Association of America},
  pages={598--607},
  year={1933},
  publisher={JSTOR}
}
@article{jongman1989acoustic,
  title={The acoustic vowel space of Modern Greek and German},
  author={Jongman, Allard and Fourakis, Marios and Sereno, Joan A},
  journal={Language and speech},
  volume={32},
  number={3},
  pages={221--248},
  year={1989},
  publisher={SAGE Publications Sage UK: London, England}
}
@article{bradlow1995comparative,
  title={A comparative acoustic study of English and Spanish vowels},
  author={Bradlow, Ann R},
  journal={The Journal of the Acoustical Society of America},
  volume={97},
  number={3},
  pages={1916--1924},
  year={1995},
  publisher={ASA}
}
@inproceedings{al2005does,
  title={Does vowel space size depend on language vowel inventories? Evidence from two Arabic dialects and French},
  author={Al-Tamimi, Jalal-Eddin and Ferragne, Emmanuel},
  booktitle={Ninth European Conference on Speech Communication and Technology},
  year={2005}
}
@article{fant1973speech,
  title={Speech sounds and features.},
  author={Fant, Gunnar},
  year={1973},
  publisher={The MIT Press}
}
@article{wagner2003voice,
  title={Is voice quality language-dependent? Acoustic analyses based on speakers of three different languages},
  author={Wagner, Anita and Braun, Angelika},
  journal={Language},
  volume={6},
  number={4},
  pages={2},
  year={2003}
}
@article{ramus1999correlates,
  title={Correlates of linguistic rhythm in the speech signal},
  author={Ramus, Franck and Nespor, Marina and Mehler, Jacques},
  journal={Cognition},
  volume={73},
  number={3},
  pages={265--292},
  year={1999},
  publisher={Elsevier}
}
@article{dellwo2006rhythm,
  title={Rhythm and speech rate: A variation coefficient for $\Delta C$},
  author={Dellwo, Volker},
  journal={Language and language-processing},
  pages={231--241},
  year={2006},
  publisher={Frankfurt am Main: Peter Lang}
}
@article{grabe2002durational,
  title={Durational variability in speech and the rhythm class hypothesis},
  author={Grabe, Esther and Low, Ee Ling},
  journal={Papers in laboratory phonology},
  volume={7},
  number={515-546},
  year={2002}
}
